%% This BibTeX bibliography file was created using BibDesk.
%% http://bibdesk.sourceforge.net/

%% Created for Tudor Zugravu at 2017-08-20 14:23:46 +0100 


%% Saved with string encoding Unicode (UTF-8) 



@misc{holyer_2016,
	Author = {Holyer, Andrew},
	Date-Modified = {2017-08-20 13:23:37 +0000},
	Title = {How to Scope a TPM Project},
	Year = {2016}},

@book{wysocki_2013,
	edition={7},
	title={Effective Project Management: Traditional; Agile; Extreme;},
	publisher={Wiley},
	author={Wysocki, Robert K},
	year={2013}}