%% This BibTeX bibliography file was created using BibDesk.
%% http://bibdesk.sourceforge.net/

%% Created for Tudor Zugravu at 2017-08-20 14:13:07 +0100 


%% Saved with string encoding Unicode (UTF-8) 



@misc{holyer_2016,
	Author = {Holyer, Andrew},
	Date-Added = {2017-08-20 13:12:02 +0000},
	Date-Modified = {2017-08-20 13:12:53 +0000},
	Title = {How to Scope a TPM Project},
	Year = {2016}}
